<record><leader>02154nam a2200469 i 4500</leader><controlfield tag="001">6660237</controlfield><controlfield tag="003">OCoLC</controlfield><controlfield tag="005">20140815122609.0</controlfield><controlfield tag="008">140108t20152015onca     b    001 0 eng  </controlfield><datafield ind1=" " ind2=" " tag="016"><subfield code="a">20139086161</subfield></datafield><datafield ind1=" " ind2=" " tag="020"><subfield code="a">9780176531539 (pbk.)</subfield></datafield><datafield ind1=" " ind2=" " tag="020"><subfield code="a">017653153X (pbk.)</subfield></datafield><datafield ind1=" " ind2=" " tag="035"><subfield code="a">ocn867897610</subfield></datafield><datafield ind1=" " ind2=" " tag="040"><subfield code="a">NLC</subfield><subfield code="b">eng</subfield><subfield code="e">rda</subfield><subfield code="c">NLC</subfield><subfield code="d">OCLCO</subfield><subfield code="d">CDX</subfield><subfield code="d">AEVC</subfield></datafield><datafield ind1=" " ind2="4" tag="050"><subfield code="a">RA776</subfield></datafield><datafield ind1=" " ind2="0" tag="055"><subfield code="a">RA776</subfield><subfield code="b">H216 2014</subfield></datafield><datafield ind1="0" ind2="4" tag="082"><subfield code="a">613</subfield><subfield code="2">23</subfield></datafield><datafield ind1=" " ind2=" " tag="090"><subfield code="a">613 HAL</subfield><subfield code="b">AEVC</subfield></datafield><datafield ind1=" " ind2=" " tag="090"><subfield code="a">RA776 .H148 2014</subfield><subfield code="b">AEGMCT</subfield></datafield><datafield ind1=" " ind2=" " tag="090"><subfield code="a">RA 776 H148 2015b</subfield><subfield code="b">AEU</subfield></datafield><datafield ind1="1" ind2=" " tag="100"><subfield code="a">Hales, Dianne R.,</subfield><subfield code="d">1950-,</subfield><subfield code="e">author.</subfield></datafield><datafield ind1="1" ind2="3" tag="245"><subfield code="a">An invitation to health /</subfield><subfield code="c">Dianne Hales, Lara Lauzon, University of Victoria.</subfield></datafield><datafield ind1=" " ind2=" " tag="250"><subfield code="a">Fourth Canadian edition.</subfield></datafield><datafield ind1=" " ind2="1" tag="264"><subfield code="a">Toronto, Ontario :</subfield><subfield code="b">Nelson Education,</subfield><subfield code="c">[2015]</subfield></datafield><datafield ind1=" " ind2="4" tag="264"><subfield code="c">&#169;2015.</subfield></datafield><datafield ind1=" " ind2=" " tag="300"><subfield code="a">xxii, 460, 14, 41, 15 pages :</subfield><subfield code="b">color illustrations ;</subfield><subfield code="c">28 cm</subfield></datafield><datafield ind1=" " ind2=" " tag="336"><subfield code="a">text</subfield><subfield code="b">txt</subfield><subfield code="2">rdacontent</subfield></datafield><datafield ind1=" " ind2=" " tag="337"><subfield code="a">unmediated</subfield><subfield code="b">n</subfield><subfield code="2">rdamedia</subfield></datafield><datafield ind1=" " ind2=" " tag="338"><subfield code="a">volume</subfield><subfield code="b">nc</subfield><subfield code="2">rdacarrier</subfield></datafield><datafield ind1=" " ind2=" " tag="500"><subfield code="a">Revision of: An invitation to health / Dianne Hales, Lara Lauzon. -- 3rd Canadian ed. -- Toronto : Nelson Education, [2012], c2013.</subfield></datafield><datafield ind1=" " ind2=" " tag="504"><subfield code="a">Includes bibliographical references, glossary, and index.</subfield></datafield><datafield ind1=" " ind2=" " tag="596"><subfield code="a">3 16 29</subfield></datafield><datafield ind1=" " ind2="0" tag="650"><subfield code="a">Health</subfield><subfield code="v">Textbooks.</subfield></datafield><datafield ind1=" " ind2="0" tag="650"><subfield code="a">Self-care, Health</subfield><subfield code="v">Textbooks.</subfield></datafield><datafield ind1="1" ind2=" " tag="700"><subfield code="a">Lauzon, Lara,</subfield><subfield code="d">1955-,</subfield><subfield code="e">author.</subfield></datafield><datafield ind1=" " ind2=" " tag="999"><subfield code="h">GMCT-OS-B</subfield></datafield><datafield ind1=" " ind2=" " tag="947"><subfield code="b">PHH</subfield><subfield code="f">QGM</subfield><subfield code="h">GMCT-OS-B</subfield><subfield code="p">135.95</subfield><subfield code="q">1</subfield><subfield code="z">9780176531539</subfield></datafield><datafield ind1=" " ind2=" " tag="926"><subfield code="a">613 HAL</subfield><subfield code="w">DEWEY</subfield><subfield code="c">1</subfield><subfield code="i">33862001334261</subfield><subfield code="d">4/10/2017</subfield><subfield code="e">4/10/2017</subfield><subfield code="k">RESERVES</subfield><subfield code="l">ON_SHELF</subfield><subfield code="m">NORQ_MAIN</subfield><subfield code="n">324</subfield><subfield code="p">$124.29</subfield><subfield code="r">Y</subfield><subfield code="s">Y</subfield><subfield code="t">BOOK</subfield><subfield code="u">8/19/2014</subfield></datafield><datafield ind1=" " ind2=" " tag="926"><subfield code="a">613 HAL</subfield><subfield code="w">DEWEY</subfield><subfield code="c">2</subfield><subfield code="i">33862001340177</subfield><subfield code="d">4/7/2017</subfield><subfield code="e">4/7/2017</subfield><subfield code="k">RESERVES</subfield><subfield code="l">ON_SHELF</subfield><subfield code="m">NORQ_MAIN</subfield><subfield code="n">332</subfield><subfield code="p">$124.29</subfield><subfield code="r">Y</subfield><subfield code="s">Y</subfield><subfield code="t">BOOK</subfield><subfield code="u">8/19/2014</subfield></datafield><datafield ind1=" " ind2=" " tag="926"><subfield code="a">RA776 .H148 2014</subfield><subfield code="w">LC</subfield><subfield code="c">1</subfield><subfield code="i">1007768714</subfield><subfield code="d">4/10/2017</subfield><subfield code="e">3/27/2017</subfield><subfield code="k">INTRANSIT</subfield><subfield code="l">ON_SHELF</subfield><subfield code="m">GR_MACEWAN</subfield><subfield code="n">23</subfield><subfield code="p">$135.95</subfield><subfield code="r">Y</subfield><subfield code="s">Y</subfield><subfield code="t">BOOK</subfield><subfield code="u">6/10/2015</subfield></datafield><datafield ind1=" " ind2=" " tag="926"><subfield code="a">RA 776 H148 2015b</subfield><subfield code="w">LC</subfield><subfield code="c">1</subfield><subfield code="i">0162036748968</subfield><subfield code="d">3/23/2017</subfield><subfield code="e">3/23/2017</subfield><subfield code="k">RESERVES</subfield><subfield code="l">ON_SHELF</subfield><subfield code="m">UAAUG</subfield><subfield code="n">5</subfield><subfield code="p">$150.00</subfield><subfield code="r">Y</subfield><subfield code="s">Y</subfield><subfield code="t">BOOK</subfield><subfield code="u">1/17/2017</subfield></datafield><datafield ind1=" " ind2=" " tag="926"><subfield code="a">RA 776 H148 2015b</subfield><subfield code="w">LC</subfield><subfield code="c">2</subfield><subfield code="i">0162036748604</subfield><subfield code="d">3/15/2017</subfield><subfield code="e">3/15/2017</subfield><subfield code="k">RESERVES</subfield><subfield code="l">ON_SHELF</subfield><subfield code="m">UAAUG</subfield><subfield code="n">8</subfield><subfield code="p">$150.00</subfield><subfield code="r">Y</subfield><subfield code="s">Y</subfield><subfield code="t">BOOK</subfield><subfield code="u">1/18/2017</subfield><subfield code="0">TEXTBOOK</subfield></datafield></record>